@book{B1,
    author = {J.S.Rosenthal},
    title = {A First Look at Rigorous Probability Theory},
    date = {2006},
    language = {english},
    origlanguage = {english},
    edition = {Second Edition},
    publisher = {World Scientific Publishing},
    location = {Singapore},
}
